Row ID,Order Priority,Discount,Unit Price,Shipping Cost,Customer ID,Customer Name,Ship Mode,Customer Segment,Product Category,Product Sub-Category,Product Container,Product Name,Product Base Margin,Region,State or Province,City,Postal Code,Order Date,Ship Date,Profit,Quantity ordered new,Sales,Order ID
18606,Not Specified,0.01,2.88,0.5,2,Janice Fletcher,Regular Air,Corporate,Office Supplies,Labels,Small Box,Avery 49,0.36,Central,Illinois,Addison,60101,5/28/2012,5/30/2012,1.32,2,5.9,88525
20847,High,0.01,2.84,0.93,3,Bonnie Potter,Express Air,Corporate,Office Supplies,Pens & Art Supplies,Wrap Bag,SANFORD Liquid Accent� Tank-Style Highlighters,0.54,West,Washington,Anacortes,98221,7/7/2010,7/8/2010,4.56,4,13.01,88522
23086,Not Specified,0.03,6.68,6.15,3,Bonnie Potter,Express Air,Corporate,Office Supplies,Paper,Small Box,Xerox 1968,0.37,West,Washington,Anacortes,98221,7/27/2011,7/28/2011,-47.64,7,49.92,88523
23087,Not Specified,0.01,5.68,3.6,3,Bonnie Potter,Regular Air,Corporate,Office Supplies,"Scissors, Rulers and Trimmers",Small Pack,Acme� Preferred Stainless Steel Scissors,0.56,West,Washington,Anacortes,98221,7/27/2011,7/28/2011,-30.51,7,41.64,88523
23088,Not Specified,0,205.99,2.5,3,Bonnie Potter,Express Air,Corporate,Technology,Telephones and Communication,Small Box,V70,0.59,West,Washington,Anacortes,98221,7/27/2011,7/27/2011,998.2023,8,1446.67,88523
23597,Medium,0.09,55.48,14.3,3,Bonnie Potter,Express Air,Corporate,Office Supplies,Paper,Small Box,Xerox 194,0.37,West,Washington,Anacortes,98221,11/9/2011,11/11/2011,1388.0523,37,2011.67,88524
25549,Low,0.08,120.97,26.3,3,Bonnie Potter,Delivery Truck,Corporate,Technology,Office Machines,Jumbo Drum,Canon S750 Color Inkjet Printer,0.38,West,Washington,Anacortes,98221,7/1/2013,7/8/2013,1001.4453,12,1451.37,88526
20228,Not Specified,0.02,500.98,26,5,Ronnie Proctor,Delivery Truck,Home Office,Furniture,Chairs & Chairmats,Jumbo Drum,Global Troy� Executive Leather Low-Back Tilter,0.6,West,California,San Gabriel,91776,12/13/2010,12/15/2010,4390.3665,12,6362.85,90193
19483,Low,0.08,6.48,6.81,5,Ronnie Proctor,Regular Air,Home Office,Office Supplies,Paper,Small Box,Xerox 1930,0.36,West,California,San Gabriel,91776,5/12/2012,5/21/2012,-141.26,18,113.25,90197
24782,High,0.01,90.24,0.99,6,Dwight Hwang,Regular Air,Home Office,Office Supplies,Appliances,Small Box,Kensington 6 Outlet MasterPiece� HOMEOFFICE Power Control Center,0.56,West,California,San Jose,95123,5/26/2011,5/26/2011,1045.4673,16,1515.17,90194
24563,Critical,0.07,6.48,6.6,6,Dwight Hwang,Regular Air,Home Office,Office Supplies,Paper,Small Box,Xerox 21,0.37,West,California,San Jose,95123,12/29/2012,12/31/2012,-13.86,4,28.61,90200
24564,Critical,0.01,4.84,0.71,6,Dwight Hwang,Regular Air,Home Office,Office Supplies,Pens & Art Supplies,Wrap Bag,*Staples* Highlighting Markers,0.52,West,California,San Jose,95123,12/29/2012,12/31/2012,57.5805,17,83.45,90200
24565,Critical,0.1,85.99,0.99,6,Dwight Hwang,Regular Air,Home Office,Technology,Telephones and Communication,Wrap Bag,Accessory34,0.55,West,California,San Jose,95123,12/29/2012,12/31/2012,1176.5052,24,1705.08,90200
21866,High,0.05,12.28,4.86,7,Leon Gill,Regular Air,Home Office,Office Supplies,Paper,Small Box,Xerox 1933,0.38,East,Massachusetts,Fall River,2724,10/30/2012,10/31/2012,72.9928,19,232.95,90198
20876,Medium,0.08,140.98,36.09,8,Melanie Garner,Delivery Truck,Home Office,Furniture,Bookcases,Jumbo Box,"Sauder Forest Hills Library, Woodland Oak Finish",0.77,East,New Hampshire,Bedford,3110,12/25/2012,12/26/2012,-158.74,5,705.47,90199
20877,Medium,0.1,286.85,61.76,9,Lorraine Houston,Delivery Truck,Home Office,Furniture,Tables,Jumbo Box,Riverside Furniture Stanwyck Manor Table Series,0.78,East,New Jersey,Camden,8101,12/25/2012,12/27/2012,-346.6151975,8,1794.27,90199
22241,Critical,0.06,15.57,1.39,10,Meredith Norris Thomas,Regular Air,Home Office,Office Supplies,Envelopes,Small Box,Park Ridge� Embossed Executive Business Envelopes,0.38,East,New Jersey,Pennsauken,8109,10/4/2011,10/5/2011,142.7955,14,206.95,90195
21776,Critical,0.06,9.48,7.29,11,Marcus Dunlap,Regular Air,Home Office,Furniture,Office Furnishings,Small Pack,"DAX Two-Tone Rosewood/Black Document Frame, Desktop, 5 x 7",0.45,East,New Jersey,Roselle,7203,8/15/2010,8/17/2010,-53.8096,22,211.15,90192
23328,High,0.04,10.98,3.37,12,Kara Pace,Regular Air,Home Office,Office Supplies,"Scissors, Rulers and Trimmers",Small Pack,Fiskars� Softgrip Scissors,0.57,East,Rhode Island,Cranston,2907,2/24/2012,2/26/2012,23.12,8,90.39,90196
24844,Medium,0.09,78.69,19.99,14,Gwendolyn F Tyson,Regular Air,Small Business,Furniture,Office Furnishings,Small Box,Howard Miller 12-3/4 Diameter Accuwave DS � Wall Clock,0.43,Central,Minnesota,Prior Lake,55372,5/12/2010,5/14/2010,803.4705,16,1164.45,86838
24846,Medium,0.08,3.28,2.31,14,Gwendolyn F Tyson,Regular Air,Small Business,Office Supplies,Pens & Art Supplies,Wrap Bag,Newell 321,0.56,Central,Minnesota,Prior Lake,55372,5/12/2010,5/13/2010,-24.03,7,22.23,86838
24847,Medium,0.05,3.28,4.2,14,Gwendolyn F Tyson,Regular Air,Small Business,Office Supplies,Pens & Art Supplies,Wrap Bag,Newell 351,0.56,Central,Minnesota,Prior Lake,55372,5/12/2010,5/13/2010,-37.03,4,13.99,86838
24848,Medium,0.05,3.58,1.63,14,Gwendolyn F Tyson,Regular Air,Small Business,Office Supplies,Rubber Bands,Wrap Bag,"OIC Colored Binder Clips, Assorted Sizes",0.36,Central,Minnesota,Prior Lake,55372,5/12/2010,5/13/2010,-0.71,4,14.26,86838
24845,Medium,0.01,6.48,7.86,14,Gwendolyn F Tyson,Regular Air,Small Business,Office Supplies,Paper,Small Box,Xerox 213,0.37,Central,Minnesota,Prior Lake,55372,5/12/2013,5/13/2013,-44.54,4,29.55,86845
18181,Critical,0,4.42,4.99,15,Timothy Reese,Regular Air,Small Business,Office Supplies,Envelopes,Small Box,Grip Seal Envelopes,0.38,East,New York,Smithtown,11787,4/8/2010,4/9/2010,-59.82,7,33.47,86837
20925,Medium,0.01,35.94,6.66,15,Timothy Reese,Regular Air,Small Business,Office Supplies,Envelopes,Small Box,"Tyvek � Top-Opening Peel & Seel � Envelopes, Gray",0.4,East,New York,Smithtown,11787,5/28/2010,5/28/2010,261.8757,10,379.53,86839
18263,Medium,0.03,1.76,0.7,15,Timothy Reese,Regular Air,Small Business,Office Supplies,Pens & Art Supplies,Wrap Bag,Newell 310,0.56,East,New York,Smithtown,11787,12/4/2011,12/6/2011,-1.17,10,17.39,86840
18554,Medium,0.04,5.98,5.2,15,Timothy Reese,Regular Air,Small Business,Office Supplies,Paper,Small Box,Xerox 1992,0.36,East,New York,Smithtown,11787,4/29/2012,5/1/2012,-24.03,3,19.04,86841
22781,Low,0,7.59,4,15,Timothy Reese,Regular Air,Small Business,Furniture,Office Furnishings,Wrap Bag,"Master Giant Foot� Doorstop, Safety Yellow",0.42,East,New York,Smithtown,11787,1/19/2013,1/21/2013,23.2668,4,33.72,86842
23287,Low,0.07,4.13,6.89,15,Timothy Reese,Regular Air,Small Business,Office Supplies,Labels,Small Box,"Avery 05222 Permanent Self-Adhesive File Folder Labels for Typewriters, on Rolls, White, 250/Roll",0.39,East,New York,Smithtown,11787,1/21/2013,1/23/2013,-174.2696,9,38.18,86843
26267,High,0.04,2.98,1.58,16,Sarah Ramsey,Regular Air,Small Business,Office Supplies,Rubber Bands,Wrap Bag,Staples Gold Paper Clips,0.39,East,New York,Syracuse,13210,2/12/2010,2/15/2010,2.63,6,18.8,86836
26268,High,0.05,115.99,2.5,16,Sarah Ramsey,Regular Air,Small Business,Technology,Telephones and Communication,Small Box,StarTAC 7797,0.55,East,New York,Syracuse,13210,2/12/2010,2/14/2010,652.7331,10,945.99,86836
26266,High,0.08,14.27,7.27,16,Sarah Ramsey,Express Air,Small Business,Office Supplies,Binders and Binder Accessories,Small Box,"GBC Laser Imprintable Binding System Covers, Desert Sand",0.38,East,New York,Syracuse,13210,2/12/2013,2/15/2013,3.4595,3,45.6,86844
19359,Low,0.05,5.85,2.27,17,Florence Hsu Schwarz,Regular Air,Small Business,Office Supplies,Pens & Art Supplies,Wrap Bag,"Dixon My First Ticonderoga Pencil, #2",0.56,West,Montana,Great Falls,59405,4/20/2011,4/24/2011,-6.82,2,12.18,90033
20459,Critical,0.05,7.77,9.23,17,Florence Hsu Schwarz,Express Air,Small Business,Office Supplies,Appliances,Small Box,Hoover Commercial Soft Guard Upright Vacuum And Disposable Filtration Bags,0.58,West,Montana,Great Falls,59405,4/6/2012,4/8/2012,-96.33,4,34.75,90034
23890,High,0.05,26.48,6.93,18,Laurie Hanna,Regular Air,Small Business,Furniture,Office Furnishings,Small Box,DAX Natural Wood-Tone Poster Frame,0.49,West,Montana,Helena,59601,5/15/2010,5/16/2010,314.4813,17,455.77,90031
21763,Critical,0.08,42.98,4.62,18,Laurie Hanna,Express Air,Small Business,Office Supplies,Appliances,Small Box,Belkin F9M820V08 8 Outlet Surge,0.56,West,Montana,Helena,59601,5/15/2012,5/16/2012,446.0781,15,646.49,90035
21764,Critical,0.07,8.04,8.94,18,Laurie Hanna,Express Air,Small Business,Office Supplies,Binders and Binder Accessories,Small Box,"Fellowes Twister Kit, Gray/Clear, 3/pkg",0.4,West,Montana,Helena,59601,5/15/2012,5/15/2012,-117.1045,9,75.85,90035
24062,Not Specified,0.08,5,3.39,18,Laurie Hanna,Regular Air,Small Business,Office Supplies,Rubber Bands,Wrap Bag,Advantus Plastic Paper Clips,0.37,West,Montana,Helena,59601,5/21/2013,5/22/2013,-17.49,13,65.69,90038
20578,Low,0.02,110.98,30,18,Laurie Hanna,Delivery Truck,Small Business,Furniture,Chairs & Chairmats,Jumbo Drum,Office Star Flex Back Scooter Chair with White Frame,0.71,West,Montana,Helena,59601,10/2/2013,10/4/2013,126.31,22,2575.93,90039
20579,Low,0.01,12.53,0.5,18,Laurie Hanna,Regular Air,Small Business,Office Supplies,Labels,Small Box,Avery 485,0.38,West,Montana,Helena,59601,10/2/2013,10/4/2013,152.7867,17,221.43,90039
24063,Not Specified,0.07,12.99,9.44,19,Jim Rodgers,Regular Air,Small Business,Technology,Office Machines,Medium Box,Hewlett Packard 6S Scientific Calculator,0.39,West,Montana,Missoula,59801,5/21/2010,5/23/2010,-114.6399,18,231.79,90032
25082,Not Specified,0.06,64.65,35,20,Marion Nolan Kaplan,Express Air,Small Business,Office Supplies,Storage & Organization,Large Box,Space Solutions Commercial Steel Shelving,0.8,Central,Nebraska,Bellevue,68005,5/31/2012,6/2/2012,-929.68,13,802.21,90036
25083,Not Specified,0,15.23,27.75,20,Marion Nolan Kaplan,Delivery Truck,Small Business,Furniture,Tables,Jumbo Box,Anderson Hickey Conga Table Tops & Accessories,0.76,Central,Nebraska,Bellevue,68005,5/31/2012,6/1/2012,-53.784,1,24.48,90036
25711,Medium,0,30.98,17.08,20,Marion Nolan Kaplan,Regular Air,Small Business,Office Supplies,Paper,Small Box,Xerox 197,0.4,Central,Nebraska,Bellevue,68005,3/7/2013,3/8/2013,-41.82,1,49.61,90037
5890,High,0.05,26.48,6.93,21,Tony Wilkins Winters,Regular Air,Small Business,Furniture,Office Furnishings,Small Box,DAX Natural Wood-Tone Poster Frame,0.49,East,New York,New York City,10012,5/15/2010,5/16/2010,384.38,70,1876.69,41793
6062,Not Specified,0.08,5,3.39,21,Tony Wilkins Winters,Regular Air,Small Business,Office Supplies,Rubber Bands,Wrap Bag,Advantus Plastic Paper Clips,0.37,East,New York,New York City,10012,5/21/2010,5/22/2010,-17.49,58,293.06,42949
6063,Not Specified,0.07,12.99,9.44,21,Tony Wilkins Winters,Regular Air,Small Business,Technology,Office Machines,Medium Box,Hewlett Packard 6S Scientific Calculator,0.39,East,New York,New York City,10012,5/21/2010,5/23/2010,-114.6399,71,914.29,42949
7711,Medium,0,30.98,17.08,21,Tony Wilkins Winters,Regular Air,Small Business,Office Supplies,Paper,Small Box,Xerox 197,0.4,East,New York,New York City,10012,3/7/2011,3/8/2011,-41.82,1,49.61,55269
1359,Low,0.05,5.85,2.27,21,Tony Wilkins Winters,Regular Air,Small Business,Office Supplies,Pens & Art Supplies,Wrap Bag,"Dixon My First Ticonderoga Pencil, #2",0.56,East,New York,New York City,10012,4/20/2011,4/24/2011,-6.82,9,54.79,9895
2459,Critical,0.05,7.77,9.23,21,Tony Wilkins Winters,Express Air,Small Business,Office Supplies,Appliances,Small Box,Hoover Commercial Soft Guard Upright Vacuum And Disposable Filtration Bags,0.58,East,New York,New York City,10012,4/6/2012,4/8/2012,-96.33,18,156.38,17860
3763,Critical,0.08,42.98,4.62,21,Tony Wilkins Winters,Express Air,Small Business,Office Supplies,Appliances,Small Box,Belkin F9M820V08 8 Outlet Surge,0.56,East,New York,New York City,10012,5/15/2012,5/16/2012,461.65,60,2585.97,26887
3764,Critical,0.07,8.04,8.94,21,Tony Wilkins Winters,Express Air,Small Business,Office Supplies,Binders and Binder Accessories,Small Box,"Fellowes Twister Kit, Gray/Clear, 3/pkg",0.4,East,New York,New York City,10012,5/15/2012,5/15/2012,-117.1045,36,303.4,26887
7082,Not Specified,0.06,64.65,35,21,Tony Wilkins Winters,Express Air,Small Business,Office Supplies,Storage & Organization,Large Box,Space Solutions Commercial Steel Shelving,0.8,East,New York,New York City,10012,5/31/2012,6/2/2012,-929.68,50,3085.41,50533
7083,Not Specified,0,15.23,27.75,21,Tony Wilkins Winters,Delivery Truck,Small Business,Furniture,Tables,Jumbo Box,Anderson Hickey Conga Table Tops & Accessories,0.76,East,New York,New York City,10012,5/31/2012,6/1/2012,-53.784,5,122.4,50533
2578,Low,0.02,110.98,30,21,Tony Wilkins Winters,Delivery Truck,Small Business,Furniture,Chairs & Chairmats,Jumbo Drum,Office Star Flex Back Scooter Chair with White Frame,0.71,East,New York,New York City,10012,10/2/2013,10/4/2013,126.31,88,10303.73,18596
2579,Low,0.01,12.53,0.5,21,Tony Wilkins Winters,Regular Air,Small Business,Office Supplies,Labels,Small Box,Avery 485,0.38,East,New York,New York City,10012,10/2/2013,10/4/2013,223.38,67,872.68,18596
19249,High,0.05,14.34,5,23,Lynn Moss,Regular Air,Corporate,Furniture,Office Furnishings,Small Pack,Nu-Dell Leatherette Frames,0.49,West,California,Laguna Hills,92653,11/11/2011,11/12/2011,284.526,36,519.23,87655
19250,High,0,30.98,8.74,23,Lynn Moss,Regular Air,Corporate,Office Supplies,Paper,Small Box,Xerox 1979,0.4,West,California,Laguna Hills,92653,11/11/2011,11/12/2011,859.2639,37,1245.31,87655
18350,Not Specified,0.07,22.84,5.47,23,Lynn Moss,Express Air,Corporate,Office Supplies,Paper,Small Box,Xerox 1929,0.39,West,California,Laguna Hills,92653,9/10/2012,9/13/2012,83.24,7,165.11,87660
18478,Low,0.1,146.05,80.2,23,Lynn Moss,Delivery Truck,Corporate,Furniture,Tables,Jumbo Box,BPI Conference Tables,0.71,West,California,Laguna Hills,92653,11/18/2013,11/25/2013,353.77216,11,1591.71,87669
20631,High,0.06,55.48,14.3,24,Edna Thomas,Regular Air,Corporate,Office Supplies,Paper,Small Box,Xerox 194,0.37,West,California,Laguna Niguel,92677,1/28/2010,1/29/2010,-28.2968,1,67.49,87651
20632,High,0.02,1.68,1.57,24,Edna Thomas,Regular Air,Corporate,Office Supplies,Pens & Art Supplies,Wrap Bag,Newell 323,0.59,West,California,Laguna Niguel,92677,1/28/2010,1/30/2010,-5.3072,1,2.25,87651
20309,Not Specified,0.07,205.99,2.5,24,Edna Thomas,Regular Air,Corporate,Technology,Telephones and Communication,Small Box,V70,0.59,West,California,Laguna Niguel,92677,3/2/2012,3/4/2012,1489.8411,13,2159.19,87656
20625,High,0.06,21.38,8.99,24,Edna Thomas,Regular Air,Corporate,Office Supplies,Pens & Art Supplies,Small Pack,Boston 1730 StandUp Electric Pencil Sharpener,0.59,West,California,Laguna Niguel,92677,12/19/2012,12/20/2012,-23.415,5,105.99,87662
21196,Critical,0.07,11.7,6.96,24,Edna Thomas,Regular Air,Corporate,Office Supplies,Appliances,Medium Box,Harmony HEPA Quiet Air Purifiers,0.5,West,California,Laguna Niguel,92677,1/13/2013,1/14/2013,-88.102,8,89.77,87663
21253,High,0.02,5.98,3.85,25,Virginia Hardison,Regular Air,Corporate,Technology,Computer Peripherals,Small Pack,"Imation 3.5"" IBM-Formatted Diskettes, 10/Pack",0.68,West,California,Lake Elsinore,92530,4/18/2012,4/20/2012,-27.13,1,7.12,87657
21254,High,0.05,5.98,5.2,25,Virginia Hardison,Regular Air,Corporate,Office Supplies,Paper,Small Box,Xerox 1992,0.36,West,California,Lake Elsinore,92530,4/18/2012,4/20/2012,-10.58,1,7.81,87657
21251,Critical,0.06,25.98,5.37,25,Virginia Hardison,Regular Air,Corporate,Office Supplies,Appliances,Medium Box,3M Office Air Cleaner,0.5,West,California,Lake Elsinore,92530,7/2/2013,7/4/2013,86.51776,7,174.54,87666
21252,Critical,0.05,155.06,7.07,25,Virginia Hardison,Regular Air,Corporate,Office Supplies,Storage & Organization,Small Box,"Dual Level, Single-Width Filing Carts",0.59,West,California,Lake Elsinore,92530,7/2/2013,7/4/2013,1268.4891,12,1838.39,87666
22410,Medium,0.08,59.98,3.99,26,Marguerite Kane,Regular Air,Corporate,Office Supplies,Appliances,Small Box,Belkin 8 Outlet SurgeMaster II Gold Surge Protector,0.57,West,California,Lake Forest,92630,6/27/2012,6/29/2012,420.984,11,619.14,87658
22737,Not Specified,0,2.89,0.5,26,Marguerite Kane,Express Air,Corporate,Office Supplies,Labels,Small Box,Avery 498,0.38,West,California,Lake Forest,92630,9/2/2013,9/3/2013,19.4097,7,28.13,87667
21292,High,0.09,3.69,0.5,26,Marguerite Kane,Regular Air,Corporate,Office Supplies,Labels,Small Box,Avery 52,0.38,West,California,Lake Forest,92630,12/11/2013,12/12/2013,37.3704,15,54.16,87670
21293,High,0.06,65.99,8.99,26,Marguerite Kane,Regular Air,Corporate,Technology,Telephones and Communication,Small Box,V 3600 Series,0.58,West,California,Lake Forest,92630,12/11/2013,12/12/2013,-85.606752,3,170.67,87670
23967,Not Specified,0.04,4.14,6.6,27,Guy Gallagher,Regular Air,Corporate,Furniture,Office Furnishings,Small Box,Eldon Image Series Black Desk Accessories,0.49,West,California,Lakewood,90712,11/2/2010,11/4/2010,8.894,12,54.78,87652
23535,Low,0.1,35.44,19.99,27,Guy Gallagher,Regular Air,Corporate,Office Supplies,Paper,Small Box,Xerox 1880,0.38,West,California,Lakewood,90712,7/12/2012,7/14/2012,-47.01,4,142.51,87659
23536,Low,0.06,55.48,14.3,27,Guy Gallagher,Regular Air,Corporate,Office Supplies,Paper,Small Box,Xerox 194,0.37,West,California,Lakewood,90712,7/12/2012,7/17/2012,346.7043,9,502.47,87659
23505,Critical,0,8.09,7.96,27,Guy Gallagher,Express Air,Corporate,Furniture,Office Furnishings,Small Box,"6"" Cubicle Wall Clock, Black",0.49,West,California,Lakewood,90712,10/26/2012,10/26/2012,-171.2664,23,204.57,87661
23506,Critical,0.06,14.2,5.3,27,Guy Gallagher,Regular Air,Corporate,Furniture,Office Furnishings,Wrap Bag,Coloredge Poster Frame,0.46,West,California,Lakewood,90712,10/26/2012,10/28/2012,33.4144,11,161.11,87661
23968,Not Specified,0.01,65.99,8.99,27,Guy Gallagher,Regular Air,Corporate,Technology,Telephones and Communication,Small Box,SC-3160,0.59,West,California,Lakewood,90712,11/2/2013,11/4/2013,847.943712,29,1730.04,87668
24987,High,0.06,2.88,0.7,28,Ronnie McNamara,Regular Air,Corporate,Office Supplies,Pens & Art Supplies,Wrap Bag,Newell 346,0.56,West,California,Lancaster,93534,1/22/2011,1/23/2011,-2.2072,1,3.41,87653
24074,Critical,0.07,225.04,11.79,28,Ronnie McNamara,Regular Air,Corporate,Office Supplies,Appliances,Medium Box,Holmes Harmony HEPA Air Purifier for 17 x 20 Room,0.42,West,California,Lancaster,93534,4/14/2013,4/16/2013,28.81,1,226.03,87665
25324,Not Specified,0.08,65.99,3.9,29,Elizabeth Walker,Regular Air,Corporate,Technology,Telephones and Communication,Small Box,StarTAC Series,0.55,West,California,Lawndale,90260,1/30/2011,2/1/2011,-120.52304,3,164.1,87654
25323,Not Specified,0.08,3.08,0.99,29,Elizabeth Walker,Regular Air,Corporate,Office Supplies,Labels,Small Box,Avery 481,0.37,West,California,Lawndale,90260,1/30/2013,1/31/2013,-1.6864,1,3.85,87664
18877,High,0.01,6.48,6.65,31,Alice Capps,Regular Air,Corporate,Office Supplies,Paper,Small Box,Xerox 1966,0.36,West,Oregon,Eugene,97405,8/11/2012,8/13/2012,-43.3316,15,99.56,89206
23509,High,0.08,34.99,7.73,32,Matthew Berman,Regular Air,Corporate,Office Supplies,Pens & Art Supplies,Small Box,Hunt Boston� Vacuum Mount KS Pencil Sharpener,0.59,West,Oregon,Grants Pass,97526,2/22/2010,2/23/2010,144.69,13,424.68,89199
23612,High,0.01,17.98,8.51,32,Matthew Berman,Regular Air,Corporate,Technology,Office Machines,Medium Box,Canon P1-DHIII Palm Printing Calculator,0.4,West,Oregon,Grants Pass,97526,3/27/2010,3/28/2010,-35.8788,2,40.17,89200
23278,Medium,0.09,125.99,7.69,32,Matthew Berman,Express Air,Corporate,Technology,Telephones and Communication,Small Box,StarTAC 3000,0.59,West,Oregon,Grants Pass,97526,7/20/2010,7/22/2010,209.997,8,783.55,89202
19355,Low,0.06,205.99,8.99,32,Matthew Berman,Regular Air,Corporate,Technology,Telephones and Communication,Small Box,TimeportP7382,0.56,West,Oregon,Grants Pass,97526,9/12/2010,9/19/2010,2568.096,22,3838.14,89203
21213,Critical,0.08,8.95,2.01,32,Matthew Berman,Regular Air,Corporate,Office Supplies,Paper,Wrap Bag,"Recycled Desk Saver Line ""While You Were Out"" Book, 5 1/2"" X 4""",0.39,West,Oregon,Grants Pass,97526,10/6/2011,10/8/2011,85.8636,15,133.07,89204
22221,High,0.06,449.99,49,32,Matthew Berman,Delivery Truck,Corporate,Technology,Copiers and Fax,Jumbo Drum,Canon PC940 Copier,0.38,West,Oregon,Grants Pass,97526,6/12/2013,6/14/2013,345,5,2157.25,89207
23654,Not Specified,0.03,4.24,5.41,33,Ricky Hensley,Regular Air,Corporate,Office Supplies,Binders and Binder Accessories,Small Box,Storex DuraTech Recycled Plastic Frosted Binders,0.35,West,Oregon,Gresham,97030,6/15/2010,6/17/2010,-84.4376,13,58.68,89201
23655,Not Specified,0.04,2.94,0.7,33,Ricky Hensley,Regular Air,Corporate,Office Supplies,Pens & Art Supplies,Wrap Bag,Newell 338,0.58,West,Oregon,Gresham,97030,6/15/2010,6/16/2010,24.312,18,53.1,89201
25327,Medium,0.05,4.82,5.24,33,Ricky Hensley,Regular Air,Corporate,Office Supplies,Binders and Binder Accessories,Small Box,Wilson Jones Turn Tabs Binder Tool for Ring Binders,0.39,West,Oregon,Gresham,97030,1/26/2012,1/27/2012,-75.12168,5,24.27,89205
24531,Critical,0.05,70.98,30,33,Ricky Hensley,Delivery Truck,Corporate,Furniture,Chairs & Chairmats,Jumbo Drum,Novimex High-Tech Fabric Mesh Task Chair,0.78,West,Oregon,Gresham,97030,8/16/2013,8/18/2013,-162.15032,9,640.97,89208
24532,Critical,0.05,4.98,4.7,33,Ricky Hensley,Regular Air,Corporate,Office Supplies,Paper,Small Box,Staples Copy Paper (20Lb. and 84 Bright),0.38,West,Oregon,Gresham,97030,8/16/2013,8/18/2013,-14.99264,9,46.63,89208
25223,Not Specified,0,6783.02,24.49,35,Milton Bland,Regular Air,Small Business,Technology,Office Machines,Large Box,Polycom ViewStation� ISDN Videoconferencing Unit,0.39,West,Oregon,Gresham,97030,11/27/2012,11/28/2012,2396.87958,3,21366.51,91256
21026,Low,0.07,65.99,3.99,35,Milton Bland,Regular Air,Small Business,Technology,Telephones and Communication,Small Box,StarTAC 7760,0.59,West,Oregon,Gresham,97030,5/28/2013,6/2/2013,165.501,7,394.37,91257
25224,Not Specified,0.02,9.27,4.39,36,Ray Morgan,Express Air,Small Business,Office Supplies,Paper,Wrap Bag,"Wirebound Message Books, Four 2 3/4"" x 5"" Forms per Page, 600 Sets per Book",0.38,West,Oregon,Hillsboro,97123,11/27/2012,11/29/2012,71.434,29,272.98,91256
25225,Not Specified,0.03,6.68,6.15,36,Ray Morgan,Regular Air,Small Business,Office Supplies,Paper,Small Box,Xerox 1968,0.37,West,Oregon,Hillsboro,97123,11/27/2012,11/29/2012,5.65,10,73.81,91256
25226,Not Specified,0.1,5.78,5.67,37,Stacy Chandler,Regular Air,Small Business,Office Supplies,Paper,Small Box,Xerox 1978,0.36,West,Oregon,Keizer,97303,11/27/2012,11/30/2012,7.67,11,62.59,91256
20935,Medium,0.02,1.68,1.57,39,Ian L O'Donnell,Regular Air,Corporate,Office Supplies,Pens & Art Supplies,Wrap Bag,Newell 323,0.59,Central,Illinois,Alton,62002,7/3/2011,7/4/2011,-30.54,10,17.12,88682
20936,Medium,0.1,7.08,2.35,39,Ian L O'Donnell,Regular Air,Corporate,Office Supplies,Pens & Art Supplies,Wrap Bag,SANFORD Major Accent� Highlighters,0.47,Central,Illinois,Alton,62002,7/3/2011,7/5/2011,23.82,14,90.8,88682
18911,Critical,0.07,28.15,8.99,39,Ian L O'Donnell,Express Air,Corporate,Office Supplies,Pens & Art Supplies,Small Pack,"Boston Electric Pencil Sharpener, Model 1818, Charcoal Black",0.57,Central,Illinois,Alton,62002,6/12/2013,6/15/2013,-15.464,4,113.59,88684
18673,Not Specified,0.09,7.98,6.5,40,Seth Grimes,Regular Air,Corporate,Office Supplies,Storage & Organization,Medium Box,Iris Project Case,0.59,West,Washington,Anacortes,98221,3/21/2013,3/23/2013,-71.44,4,30.96,88683
22406,Not Specified,0.09,45.99,4.99,42,Alexandra Fuller,Regular Air,Consumer,Technology,Telephones and Communication,Small Box,KF 788,0.56,West,Washington,Puyallup,98373,11/5/2012,11/6/2012,24.1868,8,299.74,91455
23753,Not Specified,0.07,8.09,7.96,42,Alexandra Fuller,Regular Air,Consumer,Furniture,Office Furnishings,Small Box,"6"" Cubicle Wall Clock, Black",0.49,West,Washington,Puyallup,98373,11/26/2013,11/29/2013,63.48448,36,291.56,91458
23754,Not Specified,0.03,20.99,1.25,42,Alexandra Fuller,Regular Air,Consumer,Technology,Telephones and Communication,Small Pack,Accessory29,0.83,West,Washington,Puyallup,98373,11/26/2013,11/27/2013,43.271712,9,158.27,91458
25933,High,0,99.99,19.99,43,Theodore Moran,Regular Air,Consumer,Technology,Office Machines,Small Box,AT&T 2230 Dual Handset Phone With Caller ID/Call Waiting,0.52,West,Washington,Redmond,98052,11/10/2010,11/11/2010,25.91382,6,647.07,91454
25438,Low,0.05,9.31,3.98,43,Theodore Moran,Regular Air,Consumer,Office Supplies,"Scissors, Rulers and Trimmers",Small Pack,Acme� Forged Steel Scissors with Black Enamel Handles,0.56,West,Washington,Redmond,98052,2/26/2013,3/4/2013,-17.58,9,83.01,91456
25331,Critical,0.06,95.98,58.2,43,Theodore Moran,Delivery Truck,Consumer,Furniture,Chairs & Chairmats,Jumbo Drum,Global Deluxe Office Fabric Chairs,0.58,West,Washington,Redmond,98052,8/30/2013,9/1/2013,-336.38464,15,1396.96,91457
23651,Medium,0.1,39.48,3.99,45,Melinda Sloan,Regular Air,Home Office,Office Supplies,Appliances,Small Box,Belkin 7 Outlet SurgeMaster Surge Protector with Phone Protection,0.56,Central,Texas,Coppell,75019,2/24/2012,2/26/2012,338.6244,13,490.76,91578
25399,Not Specified,0.08,5.81,3.37,45,Melinda Sloan,Regular Air,Home Office,Office Supplies,Rubber Bands,Wrap Bag,"Advantus Push Pins, Aluminum Head",0.54,Central,Texas,Coppell,75019,9/23/2012,9/23/2012,-51.25,18,97.85,91579
25397,Not Specified,0,30.97,4,46,Anne Nguyen,Regular Air,Home Office,Technology,Computer Peripherals,Small Box,Microsoft Multimedia Keyboard,0.74,South,Virginia,Colonial Heights,23834,9/23/2012,9/25/2012,21.624,3,94.62,91579
25398,Not Specified,0,17.67,8.99,46,Anne Nguyen,Regular Air,Home Office,Furniture,Office Furnishings,Small Pack,"Executive Impressions 12"" Wall Clock",0.47,South,Virginia,Colonial Heights,23834,9/23/2012,9/25/2012,-78.092,20,368.39,91579
20727,Medium,0.06,17.98,8.51,48,Geoffrey Hewitt,Regular Air,Corporate,Technology,Office Machines,Medium Box,Canon P1-DHIII Palm Printing Calculator,0.4,Central,Illinois,Springfield,62701,8/15/2011,8/15/2011,-27.600924,1,21.16,87712
19337,Medium,0.07,4.13,0.5,48,Geoffrey Hewitt,Regular Air,Corporate,Office Supplies,Labels,Small Box,Avery 506,0.39,Central,Illinois,Springfield,62701,8/13/2012,8/16/2012,60.8097,22,88.13,87713
18362,High,0.03,7.31,0.49,48,Geoffrey Hewitt,Regular Air,Corporate,Office Supplies,Labels,Small Box,Self-Adhesive Address Labels for Typewriters by Universal,0.38,Central,Illinois,Springfield,62701,10/10/2012,10/11/2012,94.8198,19,137.42,87714
18363,High,0.01,20.99,2.5,48,Geoffrey Hewitt,Regular Air,Corporate,Technology,Telephones and Communication,Wrap Bag,Accessory37,0.81,Central,Illinois,Springfield,62701,10/10/2012,10/11/2012,-85.27464,12,213.02,87714
20726,High,0.06,39.24,1.99,48,Geoffrey Hewitt,Regular Air,Corporate,Technology,Computer Peripherals,Small Pack,Verbatim DVD-R 4.7GB authoring disc,0.51,Central,Illinois,Springfield,62701,1/11/2013,1/12/2013,229.0593,9,331.97,87715
23944,High,0.08,67.84,0.99,49,Terri Lyons,Regular Air,Corporate,Office Supplies,Appliances,Small Box,Fellowes Command Center 5-outlet power strip,0.58,Central,Illinois,Streamwood,60107,3/29/2011,3/29/2011,-12.82,1,64.91,87710
21138,High,0.04,7.64,1.39,49,Terri Lyons,Express Air,Corporate,Office Supplies,Envelopes,Small Box,"#10- 4 1/8"" x 9 1/2"" Security-Tint Envelopes",0.36,Central,Illinois,Streamwood,60107,5/18/2011,5/19/2011,7.27,1,15.42,87711
20728,Medium,0.04,12.95,4.98,49,Terri Lyons,Regular Air,Corporate,Office Supplies,Binders and Binder Accessories,Small Box,GBC Binding covers,0.4,Central,Illinois,Streamwood,60107,8/15/2011,8/17/2011,18.88258,5,69.4,87712
23662,Low,0,65.99,5.31,49,Terri Lyons,Regular Air,Corporate,Technology,Telephones and Communication,Small Box,3390,0.57,Central,Illinois,Streamwood,60107,2/17/2013,2/19/2013,391.7199,10,567.71,87716
23802,Medium,0.1,30.73,4,49,Terri Lyons,Regular Air,Corporate,Technology,Computer Peripherals,Small Box,Fellowes 17-key keypad for PS/2 interface,0.75,Central,Illinois,Streamwood,60107,3/2/2013,3/3/2013,-45.1,7,208.12,87717
21300,Critical,0.06,200.97,15.59,49,Terri Lyons,Delivery Truck,Corporate,Technology,Office Machines,Jumbo Drum,Hewlett-Packard Deskjet 6122 Color Inkjet Printer,0.36,Central,Illinois,Streamwood,60107,3/12/2013,3/14/2013,526.608,4,763.2,87718
22691,Medium,0.09,2.6,2.4,49,Terri Lyons,Regular Air,Corporate,Office Supplies,Pens & Art Supplies,Wrap Bag,12 Colored Short Pencils,0.58,Central,Illinois,Streamwood,60107,10/6/2013,10/7/2013,-17.68,6,16.64,87719
22692,Medium,0.07,14.97,7.51,49,Terri Lyons,Regular Air,Corporate,Office Supplies,Storage & Organization,Small Box,Pizazz� Global Quick File�,0.57,Central,Illinois,Streamwood,60107,10/6/2013,10/8/2013,-30.48,4,63.9,87719
23945,High,0.04,276.2,24.49,50,Dawn Bailey,Regular Air,Corporate,Furniture,Chairs & Chairmats,Large Box,SAFCO Arco Folding Chair,,Central,Illinois,Tinley Park,60477,3/29/2011,4/1/2011,1585.0887,8,2297.23,87710
18551,Not Specified,0,115.99,2.5,52,Lorraine Kelly,Regular Air,Corporate,Technology,Telephones and Communication,Small Box,6160,0.57,West,Washington,Puyallup,98373,9/10/2010,9/10/2010,162.666,6,627.04,88426
19341,Critical,0.02,40.97,1.99,52,Lorraine Kelly,Regular Air,Corporate,Technology,Computer Peripherals,Small Pack,"TDK 4.7GB DVD-R Spindle, 15/Pack",0.42,West,Washington,Puyallup,98373,9/10/2011,9/11/2011,378.1614,13,548.06,88427
18666,Critical,0.08,7.7,3.68,52,Lorraine Kelly,Regular Air,Corporate,Furniture,Office Furnishings,Wrap Bag,Deflect-O� Glasstique� Clear Desk Accessories,0.52,West,Washington,Puyallup,98373,11/6/2012,11/7/2012,3.328,17,129.57,88428
22117,Critical,0.07,3502.14,8.73,53,Sidney Russell Austin,Delivery Truck,Corporate,Technology,Office Machines,Jumbo Box,Okidata Pacemark 4410N Wide Format Dot Matrix Printer,0.57,West,Washington,Redmond,98052,7/28/2010,7/30/2010,-6923.5992,1,3267.55,88425
18552,Not Specified,0.02,5.98,5.79,53,Sidney Russell Austin,Regular Air,Corporate,Office Supplies,Paper,Small Box,Xerox 1903,0.36,West,Washington,Redmond,98052,9/10/2010,9/11/2010,-67.49,17,110.19,88426
21677,Low,0.09,3.08,0.99,53,Sidney Russell Austin,Regular Air,Corporate,Office Supplies,Labels,Small Box,Avery 481,0.37,West,Washington,Redmond,98052,2/19/2013,2/21/2013,23.1564,11,33.56,88429
19968,High,0.03,44.43,46.59,55,Marvin Hawley,Delivery Truck,Home Office,Furniture,Tables,Jumbo Box,Hon 61000 Series Interactive Training Tables,0.67,East,New York,Syracuse,13210,10/6/2011,10/7/2011,-1513.264896,14,666.63,88076
19969,Low,0.07,130.98,54.74,55,Marvin Hawley,Delivery Truck,Consumer,Furniture,Bookcases,Jumbo Box,"O'Sullivan Elevations Bookcase, Cherry Finish",0.69,East,New York,Syracuse,13210,10/20/2011,10/25/2011,-414.18,6,814.6,88077
18469,Low,0.01,15.68,3.73,55,Marvin Hawley,Regular Air,Consumer,Furniture,Office Furnishings,Small Pack,Artistic Insta-Plaque,0.46,East,New York,Syracuse,13210,4/10/2013,4/10/2013,23.5635,2,34.15,88081
18470,Low,0.04,71.37,69,55,Marvin Hawley,Express Air,Consumer,Furniture,Tables,Large Box,"Lesro Sheffield Collection Coffee Table, End Table, Center Table, Corner Table",0.68,East,New York,Syracuse,13210,4/10/2013,4/14/2013,54.59805,11,761.52,88081
20697,Medium,0.06,3.8,1.49,56,Randall Montgomery,Regular Air,Consumer,Office Supplies,Binders and Binder Accessories,Small Box,Durable Pressboard Binders,0.38,East,New York,Tonawanda,14150,10/20/2010,10/21/2010,19.6282,20,73.55,88075
20698,Medium,0.06,1.76,0.7,56,Randall Montgomery,Regular Air,Consumer,Office Supplies,Pens & Art Supplies,Wrap Bag,Newell 310,0.56,East,New York,Tonawanda,14150,10/20/2010,10/21/2010,-1.6524,17,29.57,88075
19970,Low,0.04,4.76,3.01,56,Randall Montgomery,Regular Air,Consumer,Office Supplies,Paper,Wrap Bag,"TOPS Voice Message Log Book, Flash Format",0.36,East,New York,Tonawanda,14150,10/20/2011,10/27/2011,-7.9488,23,109.64,88077
24218,High,0.01,5.84,1.2,56,Randall Montgomery,Express Air,Consumer,Office Supplies,Pens & Art Supplies,Wrap Bag,Newell 312,0.55,East,New York,Tonawanda,14150,1/11/2013,1/13/2013,47.0972,11,68.79,88079
23305,Not Specified,0.1,5.94,9.92,56,Randall Montgomery,Regular Air,Consumer,Office Supplies,Binders and Binder Accessories,Small Box,Storex Dura Pro� Binders,0.38,East,New York,Tonawanda,14150,2/8/2013,2/9/2013,-211.0595,7,40.94,88080
23306,Not Specified,0.1,65.99,2.5,56,Randall Montgomery,Regular Air,Consumer,Technology,Telephones and Communication,Small Box,6190,0.55,East,New York,Tonawanda,14150,2/8/2013,2/9/2013,186.417,6,311.98,88080
22008,Low,0.1,525.98,19.99,56,Randall Montgomery,Regular Air,Consumer,Office Supplies,Binders and Binder Accessories,Small Box,GBC DocuBind 300 Electric Binding Machine,0.37,East,New York,Tonawanda,14150,12/27/2013,12/30/2013,5291.4651,15,7668.79,88082
22009,Low,0.1,115.99,8.99,56,Randall Montgomery,Regular Air,Consumer,Technology,Telephones and Communication,Small Box,5185,0.58,East,New York,Tonawanda,14150,12/27/2013,12/29/2013,1176.724224,21,1941.74,88082
26008,Medium,0.06,11.66,7.95,57,Kimberly Epstein,Regular Air,Consumer,Office Supplies,Pens & Art Supplies,Small Pack,"Hunt BOSTON� Vista� Battery-Operated Pencil Sharpener, Black",0.58,East,New York,Troy,12180,1/21/2012,1/23/2012,-143.8648,10,120.64,88078
19277,Critical,0.08,6.48,6.81,59,Rose Lassiter,Express Air,Small Business,Office Supplies,Paper,Small Box,Xerox 1930,0.36,Central,Texas,Port Arthur,77642,2/23/2013,2/25/2013,-96.59,8,51.56,87413
19278,Critical,0.02,2.78,0.97,59,Rose Lassiter,Regular Air,Small Business,Office Supplies,Pens & Art Supplies,Wrap Bag,Newell 339,0.59,Central,Texas,Port Arthur,77642,2/23/2013,2/25/2013,0.77,6,17.24,87413
18289,Critical,0,3.95,5.13,59,Rose Lassiter,Regular Air,Corporate,Office Supplies,Appliances,Small Box,"Hoover Replacement Belts For Soft Guard� & Commercial Ltweight Upright Vacs, 2/Pk",0.59,Central,Texas,Port Arthur,77642,3/14/2013,3/15/2013,-157.18,11,45.57,87416
19903,Not Specified,0.09,150.98,57.2,59,Rose Lassiter,Delivery Truck,Corporate,Furniture,Chairs & Chairmats,Jumbo Drum,DMI Arturo Collection Mission-style Design Wood Chair,0.59,Central,Texas,Port Arthur,77642,4/3/2013,4/4/2013,-231.6,5,750.94,87417
19904,Not Specified,0.02,38.94,35,59,Rose Lassiter,Regular Air,Corporate,Office Supplies,Storage & Organization,Large Box,"Eldon Base for stackable storage shelf, platinum",0.8,Central,Texas,Port Arthur,77642,4/3/2013,4/4/2013,-1119.64,10,394.4,87417
20292,Medium,0.08,4.18,2.99,60,Sheila Warren,Regular Air,Small Business,Office Supplies,Binders and Binder Accessories,Small Box,Avery� Durable Slant Ring Binders With Label Holder,0.37,Central,Texas,Richardson,75080,6/10/2012,6/12/2012,-24.2144,16,65.22,87410
20293,Medium,0.03,2.88,0.7,60,Sheila Warren,Regular Air,Small Business,Office Supplies,Pens & Art Supplies,Wrap Bag,Newell 340,0.56,Central,Texas,Richardson,75080,6/10/2012,6/12/2012,23.844,20,56.72,87410
20427,High,0.08,89.99,42,60,Sheila Warren,Delivery Truck,Corporate,Furniture,Chairs & Chairmats,Jumbo Drum,"Global Leather Task Chair, Black",0.66,Central,Texas,Richardson,75080,7/21/2013,7/21/2013,-180.46656,2,195.63,87420
22867,Medium,0.05,81.94,55.81,61,Charlotte Stanton,Delivery Truck,Small Business,Furniture,Bookcases,Jumbo Box,O'Sullivan 5-Shelf Heavy-Duty Bookcases,0.6,Central,Texas,Rosenberg,77471,11/18/2011,11/18/2011,185.266,28,2292.34,87409
21091,Low,0.03,6.08,1.82,61,Charlotte Stanton,Regular Air,Corporate,Office Supplies,Rubber Bands,Wrap Bag,Staples Bulk Pack Metal Binder Clips,0.35,Central,Texas,Rosenberg,77471,10/7/2012,10/16/2012,77.372,20,125.92,87411
22811,Not Specified,0.1,9.93,1.09,61,Charlotte Stanton,Regular Air,Small Business,Office Supplies,Pens & Art Supplies,Wrap Bag,Peel-Off� China Markers,0.43,Central,Texas,Rosenberg,77471,2/13/2013,2/16/2013,25.116,4,36.4,87412
21820,High,0.04,19.98,5.86,61,Charlotte Stanton,Regular Air,Small Business,Office Supplies,Paper,Small Box,Xerox 191,0.38,Central,Texas,Rosenberg,77471,3/2/2013,3/3/2013,67.8477,5,98.33,87414
22423,High,0,22.24,1.99,61,Charlotte Stanton,Regular Air,Corporate,Technology,Computer Peripherals,Small Pack,"Verbatim DVD-R, 3.95GB, SR, Mitsubishi Branded, Jewel",0.43,Central,Texas,Rosenberg,77471,11/11/2013,11/14/2013,173.66272,15,333.6,87422
22424,High,0,29.89,1.99,61,Charlotte Stanton,Regular Air,Corporate,Technology,Computer Peripherals,Small Pack,"Verbatim DVD-RAM, 5.2GB, Rewritable, Type 1, DS",0.5,Central,Texas,Rosenberg,77471,11/11/2013,11/12/2013,433.22048,22,670.73,87422
22890,High,0.02,5.98,5.15,62,Pam Gilbert,Regular Air,Corporate,Office Supplies,Paper,Small Box,Xerox 193,0.36,Central,Texas,Round Rock,78664,11/9/2010,11/11/2010,2.14,3,22.85,87407
25354,High,0.04,29.14,4.86,62,Pam Gilbert,Regular Air,Corporate,Office Supplies,Paper,Wrap Bag,"Snap-A-Way� Black Print Carbonless Speed Message, No Reply Area, Duplicate",0.38,Central,Texas,Round Rock,78664,12/12/2010,12/14/2010,349.4091,17,506.39,87408
25387,Low,0.09,5.85,2.27,62,Pam Gilbert,Regular Air,Corporate,Office Supplies,Pens & Art Supplies,Wrap Bag,"Dixon My First Ticonderoga Pencil, #2",0.56,Central,Texas,Round Rock,78664,3/7/2013,3/12/2013,-8.37,3,17.55,87415
25355,High,0.02,20.89,11.52,62,Pam Gilbert,Regular Air,Corporate,Office Supplies,Storage & Organization,Small Box,"Iris� 3-Drawer Stacking Bin, Black",0.83,Central,Texas,Round Rock,78664,12/12/2013,12/14/2013,-103.96848,20,439.92,87423
25388,Low,0.07,70.97,3.5,63,Gene Diaz,Regular Air,Corporate,Office Supplies,Appliances,Small Box,Tripp Lite Isotel 8 Ultra 8 Outlet Metal Surge,0.59,Central,Texas,Rowlett,75088,3/7/2013,3/16/2013,97.36,3,207.91,87415
25592,Low,0.02,59.98,3.99,63,Gene Diaz,Express Air,Corporate,Office Supplies,Appliances,Small Box,Belkin 8 Outlet SurgeMaster II Gold Surge Protector,0.57,Central,Texas,Rowlett,75088,5/2/2013,5/9/2013,691.3179,16,1001.91,87418
25593,Low,0.06,65.99,5.31,63,Gene Diaz,Regular Air,Corporate,Technology,Telephones and Communication,Small Box,3390,0.57,Central,Texas,Rowlett,75088,5/2/2013,5/7/2013,458.622,13,700.58,87418
26231,Low,0.1,8.34,0.96,63,Gene Diaz,Regular Air,Corporate,Furniture,Office Furnishings,Wrap Bag,Document Clip Frames,0.43,Central,Texas,Rowlett,75088,6/7/2013,6/11/2013,-5.112,1,7.98,87419
26232,Low,0.04,140.99,13.99,63,Gene Diaz,Regular Air,Corporate,Technology,Office Machines,Medium Box,Canon MP100DHII Printing Calculator,0.37,Central,Texas,Rowlett,75088,6/7/2013,6/14/2013,499.6497,5,724.13,87419
21017,Not Specified,0,3.69,0.5,64,Lynn Morrow,Regular Air,Small Business,Office Supplies,Labels,Small Box,Avery 501,0.38,South,Virginia,Salem,24153,3/2/2010,3/4/2010,-37.5291,1,4,87406
21019,Not Specified,0.02,175.99,4.99,64,Lynn Morrow,Express Air,Small Business,Technology,Telephones and Communication,Small Box,5165,0.59,South,Virginia,Salem,24153,3/2/2010,3/2/2010,101.49,4,589.8,87406
21018,Not Specified,0.03,92.23,39.61,64,Lynn Morrow,Regular Air,Small Business,Furniture,Office Furnishings,Medium Box,"Deflect-o RollaMat Studded, Beveled Mat for Medium Pile Carpeting",0.67,South,Virginia,Salem,24153,3/2/2013,3/4/2013,-10.6582,5,461.69,87414
20899,High,0.05,55.99,5,64,Lynn Morrow,Regular Air,Corporate,Technology,Telephones and Communication,Small Pack,Accessory6,0.8,South,Virginia,Salem,24153,8/26/2013,8/28/2013,-218.9761,23,1062.84,87421
18441,Critical,0.01,205.99,19.99,65,Jenny Sanchez,Regular Air,Corporate,Technology,Telephones and Communication,Small Box,iDEN i550,0.6,West,California,Mountain View,94043,5/2/2012,5/3/2012,1312.038,13,2395.13,87948
18442,Critical,0.09,162.93,19.99,66,Arlene Rouse,Regular Air,Corporate,Office Supplies,Envelopes,Small Box,Multimedia Mailers,0.39,West,California,Murrieta,92563,5/2/2012,5/4/2012,1451.9394,14,2104.26,87948
21667,Not Specified,0.06,9.11,2.15,66,Arlene Rouse,Regular Air,Corporate,Office Supplies,Paper,Wrap Bag,"Black Print Carbonless Snap-Off� Rapid Letter, 8 1/2"" x 7""",0.4,West,California,Murrieta,92563,6/12/2013,6/13/2013,95.3787,15,138.23,87951
23274,Low,0.05,155.06,7.07,67,Ellen McCormick,Regular Air,Corporate,Office Supplies,Storage & Organization,Small Box,"Dual Level, Single-Width Filing Carts",0.59,West,California,Napa,94559,1/2/2010,1/9/2010,845.664,8,1225.6,87946
23272,Low,0,291.73,48.8,67,Ellen McCormick,Delivery Truck,Corporate,Furniture,Chairs & Chairmats,Jumbo Drum,Hon 4070 Series Pagoda� Armless Upholstered Stacking Chairs,0.56,West,California,Napa,94559,1/2/2013,1/2/2013,-239.4192,1,309.77,87949
23273,Low,0.07,100.98,45,67,Ellen McCormick,Delivery Truck,Corporate,Furniture,Chairs & Chairmats,Jumbo Drum,Hon Valutask� Swivel Chairs,0.69,West,California,Napa,94559,1/2/2013,1/4/2013,-1301.814,12,1139.49,87949
24229,Medium,0.1,367.99,19.99,67,Ellen McCormick,Regular Air,Corporate,Office Supplies,Binders and Binder Accessories,Small Box,Ibico Ibimaster 300 Manual Binding System,0.4,West,California,Napa,94559,3/12/2013,3/14/2013,2159.5344,9,3129.76,87950
24230,Medium,0.1,4.24,5.41,67,Ellen McCormick,Regular Air,Corporate,Office Supplies,Binders and Binder Accessories,Small Box,Storex DuraTech Recycled Plastic Frosted Binders,0.35,West,California,Napa,94559,3/12/2013,3/14/2013,-67.459,5,21.27,87950
5272,Low,0,291.73,48.8,68,Scott Bunn,Delivery Truck,Corporate,Furniture,Chairs & Chairmats,Jumbo Drum,Hon 4070 Series Pagoda� Armless Upholstered Stacking Chairs,0.56,East,New York,New York City,10177,1/2/2010,1/2/2010,-308.928,4,1239.06,37537
5273,Low,0.07,100.98,45,68,Scott Bunn,Delivery Truck,Corporate,Furniture,Chairs & Chairmats,Jumbo Drum,Hon Valutask� Swivel Chairs,0.69,East,New York,New York City,10177,1/2/2010,1/4/2010,-1679.76,43,4083.19,37537
5274,Low,0.05,155.06,7.07,68,Scott Bunn,Regular Air,Corporate,Office Supplies,Storage & Organization,Small Box,"Dual Level, Single-Width Filing Carts",0.59,East,New York,New York City,10177,1/2/2010,1/9/2010,575.396,32,4902.38,37537
7786,High,0.09,122.99,70.2,68,Scott Bunn,Delivery Truck,Corporate,Furniture,Chairs & Chairmats,Jumbo Drum,"Global High-Back Leather Tilter, Burgundy",0.74,East,New York,New York City,10177,2/2/2010,2/4/2010,-2426.55,49,5718.85,55713
441,Critical,0.01,205.99,19.99,68,Scott Bunn,Regular Air,Corporate,Technology,Telephones and Communication,Small Box,iDEN i550,0.6,East,New York,New York City,10177,5/2/2012,5/3/2012,1312.038,53,9764.76,2978
442,Critical,0.09,162.93,19.99,68,Scott Bunn,Regular Air,Corporate,Office Supplies,Envelopes,Small Box,Multimedia Mailers,0.39,East,New York,New York City,10177,5/2/2012,5/4/2012,2077.91,57,8567.34,2978
443,Critical,0.07,200.99,4.2,68,Scott Bunn,Regular Air,Corporate,Technology,Telephones and Communication,Small Box,2160i,0.59,East,New York,New York City,10177,5/2/2012,5/3/2012,947.313,44,7340.38,2978
6229,Medium,0.1,367.99,19.99,68,Scott Bunn,Regular Air,Corporate,Office Supplies,Binders and Binder Accessories,Small Box,Ibico Ibimaster 300 Manual Binding System,0.4,East,New York,New York City,10177,3/12/2013,3/14/2013,4592.737,34,11823.52,44099
6230,Medium,0.1,4.24,5.41,68,Scott Bunn,Regular Air,Corporate,Office Supplies,Binders and Binder Accessories,Small Box,Storex DuraTech Recycled Plastic Frosted Binders,0.35,East,New York,New York City,10177,3/12/2013,3/14/2013,-67.459,19,80.81,44099
3667,Not Specified,0.06,9.11,2.15,68,Scott Bunn,Regular Air,Corporate,Office Supplies,Paper,Wrap Bag,"Black Print Carbonless Snap-Off� Rapid Letter, 8 1/2"" x 7""",0.4,East,New York,New York City,10177,6/12/2013,6/13/2013,122.06,62,571.35,26274
18443,Critical,0.07,200.99,4.2,69,Carrie House,Regular Air,Corporate,Technology,Telephones and Communication,Small Box,2160i,0.59,East,Rhode Island,Smithfield,2917,5/2/2012,5/3/2012,947.313,11,1835.09,87948
25786,High,0.09,122.99,70.2,70,Annette Boone,Delivery Truck,Corporate,Furniture,Chairs & Chairmats,Jumbo Drum,"Global High-Back Leather Tilter, Burgundy",0.74,East,Vermont,Burlington,5401,2/2/2010,2/4/2010,-2426.55,12,1400.53,87947
18900,Low,0.06,6.88,2,72,Amanda Hardy Singleton,Express Air,Small Business,Office Supplies,Paper,Wrap Bag,"Adams Phone Message Book, 200 Message Capacity, 8 1/16� x 11�",0.39,East,Maine,West Scarborough,4070,8/12/2012,8/19/2012,82.8483,18,120.07,89248
21280,High,0.02,22.84,8.18,73,April Winters,Regular Air,Small Business,Office Supplies,Paper,Small Box,Xerox 1991,0.39,East,Massachusetts,Duxbury,2331,10/28/2013,10/30/2013,234.68,22,526.36,89250
18955,Not Specified,0.09,21.78,5.94,74,Mark Manning,Regular Air,Small Business,Office Supplies,Appliances,Medium Box,Holmes HEPA Air Purifier,0.5,East,New Jersey,Iselin,8830,12/10/2012,12/12/2012,23.01,7,147.26,89249
21287,Critical,0.06,65.99,8.99,75,Tamara Yates,Express Air,Small Business,Technology,Telephones and Communication,Small Box,5180,0.56,East,New Jersey,Lakewood,8701,4/11/2012,4/13/2012,17.253,6,323.34,89247
21288,Critical,0.1,159.99,5.5,76,Glen Weeks,Regular Air,Small Business,Technology,Computer Peripherals,Small Box,Gyration RF Keyboard,0.49,East,New Jersey,Wayne,7470,4/11/2012,4/12/2012,526.5735,5,763.15,89247
21289,Critical,0.1,6.48,8.73,77,Jan Kaufman Parrish,Regular Air,Small Business,Office Supplies,Paper,Small Box,Xerox 227,0.37,East,New Jersey,Wyckoff,7481,4/11/2012,4/13/2012,-180.17,10,64.83,89247
21286,Critical,0.02,19.99,11.17,78,Hannah Grant,Regular Air,Small Business,Furniture,Office Furnishings,Large Box,Telescoping Adjustable Floor Lamp,0.6,East,Vermont,Bennington,5201,4/11/2012,4/12/2012,-44.86,2,45.11,89247
19508,Low,0.03,180.98,30,80,Sam Carlson,Delivery Truck,Small Business,Furniture,Chairs & Chairmats,Jumbo Drum,Office Star - Ergonomic Mid Back Chair with 2-Way Adjustable Arms,0.69,West,Oregon,Keizer,97303,2/6/2011,2/6/2011,605.44,7,1334.94,89923
19271,High,0.01,3.57,4.17,80,Sam Carlson,Regular Air,Small Business,Office Supplies,Pens & Art Supplies,Small Pack,Barrel Sharpener,0.59,West,Oregon,Keizer,97303,5/19/2011,5/20/2011,-119.35,17,65.23,89924
19272,High,0.07,37.76,12.9,80,Sam Carlson,Regular Air,Small Business,Office Supplies,Storage & Organization,Small Box,"Companion Letter/Legal File, Black",0.57,West,Oregon,Keizer,97303,5/19/2011,5/20/2011,25.51,15,552.43,89924
19273,High,0.02,124.49,51.94,80,Sam Carlson,Delivery Truck,Small Business,Furniture,Tables,Jumbo Box,Bevis 36 x 72 Conference Tables,0.63,West,Oregon,Keizer,97303,5/19/2011,5/21/2011,-365.44,13,1284.24,89924
19773,High,0.03,105.98,13.99,80,Sam Carlson,Regular Air,Small Business,Furniture,Office Furnishings,Medium Box,"Tenex 46"" x 60"" Computer Anti-Static Chairmat, Rectangular Shaped",0.65,West,Oregon,Keizer,97303,5/29/2011,5/31/2011,534.6603,7,774.87,89925
25084,High,0.05,210.55,9.99,80,Sam Carlson,Express Air,Small Business,Office Supplies,Storage & Organization,Small Box,"24 Capacity Maxi Data Binder Racks, Pearl",0.6,West,Oregon,Keizer,97303,7/16/2012,7/17/2012,-270.7,1,211.52,89926
25085,High,0,125.99,7.69,81,Dale Hahn,Express Air,Small Business,Technology,Telephones and Communication,Small Box,Timeport L7089,0.58,West,Oregon,Lake Oswego,97035,7/16/2012,7/17/2012,305.964,7,769.09,89926
25671,Critical,0.09,9.85,4.82,81,Dale Hahn,Regular Air,Small Business,Office Supplies,Pens & Art Supplies,Wrap Bag,Lumber Crayons,0.47,West,Oregon,Lake Oswego,97035,1/4/2013,1/5/2013,-26.04,13,122.49,89927
25672,Critical,0.01,2.94,0.81,81,Dale Hahn,Regular Air,Small Business,Office Supplies,Pens & Art Supplies,Wrap Bag,Prang Colored Pencils,0.4,West,Oregon,Lake Oswego,97035,1/4/2013,1/5/2013,10.7019,5,15.51,89927
18281,High,0.04,296.18,54.12,83,Edgar Stone,Delivery Truck,Corporate,Furniture,Tables,Jumbo Box,Hon 94000 Series Round Tables,0.76,East,Ohio,Canton,44708,3/15/2010,3/15/2010,-715.778206,6,1821.89,87365
20845,High,0.07,9.27,4.39,83,Edgar Stone,Regular Air,Corporate,Office Supplies,Paper,Wrap Bag,"Wirebound Message Books, Four 2 3/4"" x 5"" Forms per Page, 600 Sets per Book",0.38,East,Ohio,Canton,44708,3/5/2012,3/6/2012,18.73,10,90.09,87369
20846,High,0.01,3.85,0.7,83,Edgar Stone,Regular Air,Corporate,Office Supplies,Pens & Art Supplies,Wrap Bag,Avery Hi-Liter Pen Style Six-Color Fluorescent Set,0.44,East,Ohio,Canton,44708,3/5/2012,3/6/2012,32.3265,12,46.85,87369
22232,Not Specified,0.03,9.38,4.93,83,Edgar Stone,Regular Air,Corporate,Furniture,Office Furnishings,Small Box,"Eldon Expressions Punched Metal & Wood Desk Accessories, Black & Cherry",0.57,East,Ohio,Canton,44708,9/1/2013,9/3/2013,-8.4456,17,160.31,87372
23639,Not Specified,0,8.09,7.96,84,Helen Stein,Regular Air,Consumer,Furniture,Office Furnishings,Small Box,"6"" Cubicle Wall Clock, Black",0.49,East,Ohio,Cincinnati,45231,2/2/2010,2/3/2010,-144.56,11,90.98,87364
23880,High,0.08,896.99,19.99,84,Helen Stein,Regular Air,Corporate,Office Supplies,Binders and Binder Accessories,Small Box,GBC DocuBind TL300 Electric Binding System,0.38,East,Ohio,Cincinnati,45231,9/30/2010,10/2/2010,7402.32,13,10728,87366
23290,Not Specified,0.02,232.58,19.99,84,Helen Stein,Express Air,Corporate,Office Supplies,Appliances,Small Box,Hoover Commercial Lightweight Upright Vacuum with E-Z Empty� Dirt Cup,0.59,East,Ohio,Cincinnati,45231,10/29/2011,10/31/2011,2286.6968,18,4191.68,87368
23291,Not Specified,0.08,26.17,1.39,84,Helen Stein,Regular Air,Corporate,Office Supplies,Envelopes,Small Box,Quality Park Security Envelopes,0.38,East,Ohio,Cincinnati,45231,10/29/2011,10/31/2011,251.1876,14,364.04,87368
23292,Not Specified,0,15.31,8.78,84,Helen Stein,Regular Air,Corporate,Office Supplies,Storage & Organization,Small Box,Eldon Jumbo ProFile� Portable File Boxes Graphite/Black,0.57,East,Ohio,Cincinnati,45231,10/29/2011,11/1/2011,-33.0804,2,35.01,87368
25296,Medium,0.1,2.88,0.5,84,Helen Stein,Regular Air,Consumer,Office Supplies,Labels,Small Box,Avery 507,0.39,East,Ohio,Cincinnati,45231,4/14/2013,4/14/2013,11.3505,6,16.45,87370
23881,High,0.02,243.98,62.94,84,Helen Stein,Delivery Truck,Corporate,Furniture,Chairs & Chairmats,Jumbo Drum,Hon Deluxe Fabric Upholstered Stacking Chairs,0.57,East,Ohio,Cincinnati,45231,9/30/2013,10/1/2013,44.8524,5,1274.79,87373
25472,Low,0.07,243.98,43.32,85,Hazel Graham,Delivery Truck,Corporate,Furniture,Chairs & Chairmats,Jumbo Drum,"Hon Deluxe Fabric Upholstered Stacking Chairs, Rounded Back",0.55,East,Ohio,Cleveland,44105,4/10/2011,4/19/2011,1980.4794,12,2870.26,87367
25297,Medium,0.08,550.98,45.7,85,Hazel Graham,Delivery Truck,Consumer,Furniture,Tables,Jumbo Box,Chromcraft Bull-Nose Wood Oval Conference Tables & Bases,0.71,East,Ohio,Cleveland,44105,4/14/2013,4/15/2013,-1331.553366,5,2723.95,87370
26359,Not Specified,0.09,525.98,19.99,85,Hazel Graham,Regular Air,Consumer,Office Supplies,Binders and Binder Accessories,Small Box,GBC DocuBind 300 Electric Binding Machine,0.37,East,Ohio,Cleveland,44105,4/19/2013,4/21/2013,3120.9873,9,4523.17,87371
24663,Low,0.05,161.55,19.99,87,Norman Shields,Regular Air,Corporate,Office Supplies,Storage & Organization,Small Box,Fellowes Super Stor/Drawer� Files,0.66,West,California,Vacaville,95687,6/3/2010,6/8/2010,1892.424,19,3127.69,90596
23841,High,0.09,4.91,0.5,87,Norman Shields,Regular Air,Corporate,Office Supplies,Labels,Small Box,Avery 493,0.36,West,California,Vacaville,95687,9/22/2010,9/23/2010,28.8558,9,41.82,90597
23842,High,0.01,296.18,54.12,87,Norman Shields,Delivery Truck,Corporate,Furniture,Tables,Jumbo Box,Hon 94000 Series Round Tables,0.76,West,California,Vacaville,95687,9/22/2010,9/25/2010,173.48,9,2875.72,90597
25591,Medium,0.05,18.84,3.62,87,Norman Shields,Regular Air,Corporate,Furniture,Office Furnishings,Wrap Bag,Flat Face Poster Frame,0.43,West,California,Vacaville,95687,4/15/2013,4/17/2013,170.8233,13,247.57,90599
19830,Not Specified,0.02,30.73,4,88,Phillip Clapp,Express Air,Corporate,Technology,Computer Peripherals,Small Box,Fellowes 17-key keypad for PS/2 interface,0.75,East,Vermont,Essex Junction,5451,12/13/2011,12/15/2011,84.585,14,462.34,90598
18240,Not Specified,0.1,35.48,35,90,Katie Watson,Express Air,Corporate,Office Supplies,Storage & Organization,Large Box,Belkin OmniView SE Rackmount Kit,0.85,West,California,Vacaville,95687,2/7/2012,2/7/2012,-1191.13,10,340.42,87181
23071,High,0.07,19.84,4.1,91,Wallace Werner,Regular Air,Home Office,Office Supplies,Pens & Art Supplies,Wrap Bag,Prismacolor Color Pencil Set,0.44,West,California,Vallejo,94591,5/17/2010,5/18/2010,117.852,9,170.8,87175
19877,Medium,0.05,5.18,2.04,91,Wallace Werner,Regular Air,Home Office,Office Supplies,Paper,Wrap Bag,Array� Memo Cubes,0.36,West,California,Vallejo,94591,8/18/2010,8/20/2010,34.0104,10,53.54,87176
19611,Medium,0.06,175.99,8.99,91,Wallace Werner,Regular Air,Corporate,Technology,Telephones and Communication,Small Box,2180,0.57,West,California,Vallejo,94591,9/4/2010,9/6/2010,2031.507,23,3363.53,87177
18241,Not Specified,0.07,99.99,19.99,91,Wallace Werner,Regular Air,Corporate,Technology,Computer Peripherals,Small Box,US Robotics 56K V.92 External Faxmodem,0.52,West,California,Vallejo,94591,2/7/2012,2/7/2012,-95.52,3,307.29,87181
18242,Not Specified,0.08,30.98,8.99,91,Wallace Werner,Regular Air,Corporate,Office Supplies,Pens & Art Supplies,Small Pack,"Boston School Pro Electric Pencil Sharpener, 1670",0.58,West,California,Vallejo,94591,2/7/2012,2/9/2012,19.57,13,373.01,87181
18846,Low,0.05,2.08,5.33,91,Wallace Werner,Express Air,Corporate,Furniture,Office Furnishings,Small Box,Eldon� Wave Desk Accessories,0.43,West,California,Vallejo,94591,9/8/2012,9/10/2012,-5.87,3,13.66,87182
18847,Low,0.08,15.42,10.68,91,Wallace Werner,Express Air,Corporate,Office Supplies,Storage & Organization,Small Box,"Decoflex Hanging Personal Folder File, Blue",0.58,West,California,Vallejo,94591,9/8/2012,9/13/2012,-231.34,21,314.17,87182
23069,High,0.07,8.34,1.43,92,Victoria Baker Hoover,Regular Air,Home Office,Office Supplies,Paper,Wrap Bag,"REDIFORM Incoming/Outgoing Call Register, 11"" X 8 1/2"", 100 Messages",0.35,South,Louisiana,Terrytown,70056,5/17/2010,5/19/2010,-190.68,16,132.08,87175
23070,High,0.09,4.98,6.07,92,Victoria Baker Hoover,Regular Air,Home Office,Office Supplies,Paper,Small Box,Xerox 1897,0.36,South,Louisiana,Terrytown,70056,5/17/2010,5/18/2010,325.398,9,45.34,87175
23203,Medium,0.04,12.98,3.14,92,Victoria Baker Hoover,Express Air,Corporate,Office Supplies,"Scissors, Rulers and Trimmers",Small Pack,"Acme� 8"" Straight Scissors",0.6,South,Louisiana,Terrytown,70056,12/7/2010,12/9/2010,22.818,16,216.04,87178
23432,Medium,0.06,9.85,4.82,92,Victoria Baker Hoover,Regular Air,Corporate,Office Supplies,Pens & Art Supplies,Wrap Bag,Lumber Crayons,0.47,South,Louisiana,Terrytown,70056,4/2/2011,4/3/2011,31.398,5,48.43,87179

